<?xml version="1.0" encoding="UTF-8"?><collection xmlns="http://www.loc.gov/MARC21/slim"><record><leader>00558nam--2200193-i-4500</leader><controlfield tag="001">000042150</controlfield><controlfield tag="002">20161230</controlfield><controlfield tag="005">20161230201043</controlfield><controlfield tag="008">060222s1000------------r-----000-0-eng-d</controlfield><datafield ind1=" " ind2=" " tag="040"><subfield code="a">IFIN-HH</subfield></datafield><datafield ind1=" " ind2=" " tag="080"><subfield code="a">621.039.5:621.039.542.3</subfield></datafield><datafield ind1="1" ind2=" " tag="100"><subfield code="a">Dietrich, J.R</subfield></datafield><datafield ind1="1" ind2="0" tag="245"><subfield code="a">Solid fuel reactors</subfield><subfield code="c">J.r. dietrich, w.h. zinn (compiled and edited)</subfield></datafield><datafield ind1=" " ind2=" " tag="260"><subfield code="a">Rending, Massachusetts</subfield><subfield code="b">Addison-wesley Publishing Company, Inc</subfield><subfield code="c">1958</subfield></datafield><datafield ind1=" " ind2=" " tag="300"><subfield code="a">844 P</subfield></datafield><datafield ind1=" " ind2=" " tag="490"><subfield code="a">Atomms For Peace</subfield></datafield><datafield ind1="1" ind2=" " tag="700"><subfield code="a">Zinn, W.H</subfield></datafield><datafield ind1=" " ind2=" " tag="852"><subfield code="a">44549</subfield><subfield code="c">H.H</subfield></datafield><datafield ind1=" " ind2=" " tag="CAT"><subfield code="a">Sys</subfield><subfield code="c">20130411</subfield><subfield code="h">152337</subfield></datafield></record></collection>